[gd_scene load_steps=9 format=2]

[ext_resource path="res://game/scenes/platforms/platform_1_large.tscn" type="PackedScene" id=1]
[ext_resource path="res://game/scenes/platforms/platform_1_medium.tscn" type="PackedScene" id=2]
[ext_resource path="res://game/scenes/sections/section_template.gd" type="Script" id=3]
[ext_resource path="res://game/scenes/platforms/platform_1_small.tscn" type="PackedScene" id=4]
[ext_resource path="res://game/assets/platform_guide.png" type="Texture" id=5]
[ext_resource path="res://game/scenes/spawners/faith_spawner.tscn" type="PackedScene" id=6]
[ext_resource path="res://game/scenes/obstacles/fire_blue.tscn" type="PackedScene" id=7]

[sub_resource type="RectangleShape2D" id=1]
extents = Vector2( 512, 10 )

[node name="PurgatorySecton" type="Node2D"]
script = ExtResource( 3 )

[node name="SectionGuide" type="Sprite" parent="."]
texture = ExtResource( 5 )

[node name="Area2D" type="Area2D" parent="."]
collision_layer = 32
collision_mask = 2

[node name="CollisionShape2D" type="CollisionShape2D" parent="Area2D"]
position = Vector2( 0, 64 )
shape = SubResource( 1 )

[node name="FaithSpawner" parent="." instance=ExtResource( 6 )]
position = Vector2( 0, -32 )

[node name="FaithSpawner2" parent="." instance=ExtResource( 6 )]
position = Vector2( -416, 0 )

[node name="FaithSpawner3" parent="." instance=ExtResource( 6 )]
position = Vector2( 416, 0 )

[node name="FireBlue" parent="FaithSpawner3" instance=ExtResource( 7 )]
position = Vector2( -768, 0 )

[node name="FireBlue2" parent="FaithSpawner3" instance=ExtResource( 7 )]
position = Vector2( -64, 0 )

[node name="PlatformHellLarge" parent="." instance=ExtResource( 1 )]
position = Vector2( -416, 40 )

[node name="PlatformHellLarge2" parent="." instance=ExtResource( 1 )]
position = Vector2( 416, 32 )

[node name="PlatformHellMedium" parent="." instance=ExtResource( 2 )]

[node name="PlatformHellSmall" parent="." instance=ExtResource( 4 )]
position = Vector2( 192, 32 )

[node name="PlatformHellSmall2" parent="." instance=ExtResource( 4 )]
position = Vector2( -192, 32 )

[connection signal="area_entered" from="Area2D" to="." method="_on_Area2D_area_entered"]
