[gd_scene load_steps=8 format=2]

[ext_resource path="res://game/assets/platform_start_guide.png" type="Texture" id=1]
[ext_resource path="res://game/scenes/spawners/enemy_spawner.tscn" type="PackedScene" id=2]
[ext_resource path="res://game/scenes/obstacles/fire_blue.tscn" type="PackedScene" id=3]
[ext_resource path="res://game/scenes/platforms/platform_1_large.tscn" type="PackedScene" id=4]
[ext_resource path="res://game/scenes/sections/section_template.gd" type="Script" id=5]
[ext_resource path="res://game/scenes/pickups/area_completed.tscn" type="PackedScene" id=6]
[ext_resource path="res://game/scenes/platforms/platform_1_medium.tscn" type="PackedScene" id=7]

[node name="AreaSectionStart" type="Node2D"]
script = ExtResource( 5 )

[node name="SectionGuide" type="Sprite" parent="."]
texture = ExtResource( 1 )

[node name="AreaCompleted" parent="." instance=ExtResource( 6 )]
position = Vector2( 0, -192 )

[node name="PlatformHellMedium" parent="." instance=ExtResource( 7 )]

[node name="PlatformHellMedium2" parent="." instance=ExtResource( 7 )]
position = Vector2( 0, 64 )

[node name="PlatformHellMedium3" parent="." instance=ExtResource( 7 )]
position = Vector2( 0, 128 )

[node name="PlatformHellMedium4" parent="." instance=ExtResource( 7 )]
position = Vector2( 0, 192 )

[node name="PlatformHellMedium6" parent="." instance=ExtResource( 7 )]
position = Vector2( -192, 224 )

[node name="PlatformHellMedium7" parent="." instance=ExtResource( 7 )]
position = Vector2( -512, 224 )

[node name="PlatformHellMedium5" parent="." instance=ExtResource( 7 )]
position = Vector2( 192, 224 )

[node name="PlatformHellMedium8" parent="." instance=ExtResource( 7 )]
position = Vector2( 512, 224 )

[node name="PlatformHellLarge" parent="." instance=ExtResource( 4 )]
position = Vector2( 0, -64 )

[node name="PlatformHellLarge2" parent="." instance=ExtResource( 4 )]
position = Vector2( 160, -64 )

[node name="FireBlue" parent="." instance=ExtResource( 3 )]
position = Vector2( -96, -96 )

[node name="FireBlue2" parent="." instance=ExtResource( 3 )]
position = Vector2( 96, -96 )

[node name="FireBlue3" parent="." instance=ExtResource( 3 )]
position = Vector2( 32, 32 )

[node name="FireBlue4" parent="." instance=ExtResource( 3 )]
position = Vector2( -32, 160 )

[node name="EnemySpawner" parent="." instance=ExtResource( 2 )]
position = Vector2( -192, -128 )

[node name="EnemySpawner2" parent="." instance=ExtResource( 2 )]
position = Vector2( 192, -128 )

[node name="EnemySpawner3" parent="." instance=ExtResource( 2 )]
position = Vector2( 192, 160 )

[node name="EnemySpawner4" parent="." instance=ExtResource( 2 )]
position = Vector2( -192, 160 )

[node name="PlatformHellLarge3" parent="." instance=ExtResource( 4 )]
position = Vector2( -160, -64 )
