[gd_scene load_steps=10 format=2]

[ext_resource path="res://game/assets/platform_start_guide.png" type="Texture" id=1]
[ext_resource path="res://game/scenes/platforms/platform_1_large.tscn" type="PackedScene" id=2]
[ext_resource path="res://game/scenes/obstacles/fire_blue.tscn" type="PackedScene" id=3]
[ext_resource path="res://game/scenes/platforms/platform_1_small.tscn" type="PackedScene" id=4]
[ext_resource path="res://game/scenes/sections/section_template.gd" type="Script" id=5]
[ext_resource path="res://game/scenes/spawners/player_spawner.tscn" type="PackedScene" id=6]
[ext_resource path="res://game/scenes/spawners/faith_spawner.tscn" type="PackedScene" id=7]
[ext_resource path="res://game/scenes/spawners/enemy_spawner.tscn" type="PackedScene" id=8]
[ext_resource path="res://game/scenes/platforms/platform_1_medium.tscn" type="PackedScene" id=9]

[node name="PurgatoryStart" type="Node2D"]
script = ExtResource( 5 )

[node name="SectionGuide" type="Sprite" parent="."]
texture = ExtResource( 1 )

[node name="PlayerSpawner" parent="." instance=ExtResource( 6 )]
position = Vector2( 0, 96 )

[node name="PlatformHellLarge" parent="." instance=ExtResource( 2 )]
position = Vector2( 0, 224 )

[node name="PlatformHellLarge2" parent="." instance=ExtResource( 2 )]
position = Vector2( 160, 224 )

[node name="PlatformHellLarge3" parent="." instance=ExtResource( 2 )]
position = Vector2( 320, 224 )

[node name="PlatformHellLarge4" parent="." instance=ExtResource( 2 )]
position = Vector2( -160, 224 )

[node name="PlatformHellLarge5" parent="." instance=ExtResource( 2 )]
position = Vector2( -320, 224 )

[node name="PlatformHellMedium" parent="." instance=ExtResource( 9 )]
position = Vector2( -416, 160 )

[node name="PlatformHellMedium2" parent="." instance=ExtResource( 9 )]
position = Vector2( -416, 96 )

[node name="PlatformHellMedium3" parent="." instance=ExtResource( 9 )]
position = Vector2( -352, 32 )

[node name="PlatformHellMedium9" parent="." instance=ExtResource( 9 )]
position = Vector2( -352, -64 )

[node name="PlatformHellMedium10" parent="." instance=ExtResource( 9 )]
position = Vector2( -352, -160 )

[node name="PlatformHellMedium4" parent="." instance=ExtResource( 9 )]
position = Vector2( 416, 160 )

[node name="PlatformHellMedium5" parent="." instance=ExtResource( 9 )]
position = Vector2( 416, 96 )

[node name="PlatformHellMedium6" parent="." instance=ExtResource( 9 )]
position = Vector2( 352, 32 )

[node name="PlatformHellMedium7" parent="." instance=ExtResource( 9 )]
position = Vector2( 352, -64 )

[node name="PlatformHellMedium8" parent="." instance=ExtResource( 9 )]
position = Vector2( 352, -160 )

[node name="PlatformHellSmall" parent="." instance=ExtResource( 4 )]

[node name="FireBlue" parent="." instance=ExtResource( 3 )]
position = Vector2( -288, 192 )

[node name="FireBlue2" parent="." instance=ExtResource( 3 )]
position = Vector2( 288, 192 )

[node name="FaithSpawner" parent="." instance=ExtResource( 7 )]
position = Vector2( -352, -192 )

[node name="FaithSpawner7" parent="." instance=ExtResource( 7 )]
position = Vector2( 0, -128 )

[node name="FaithSpawner8" parent="." instance=ExtResource( 7 )]
position = Vector2( 0, -224 )

[node name="FaithSpawner2" parent="." instance=ExtResource( 7 )]
position = Vector2( -352, -96 )

[node name="FaithSpawner3" parent="." instance=ExtResource( 7 )]
position = Vector2( -352, 0 )

[node name="FaithSpawner4" parent="." instance=ExtResource( 7 )]
position = Vector2( 352, 0 )

[node name="FaithSpawner5" parent="." instance=ExtResource( 7 )]
position = Vector2( 352, -96 )

[node name="FaithSpawner6" parent="." instance=ExtResource( 7 )]
position = Vector2( 352, -192 )

[node name="PlatformHellLarge6" parent="." instance=ExtResource( 2 )]
position = Vector2( 0, -96 )

[node name="PlatformHellLarge7" parent="." instance=ExtResource( 2 )]
position = Vector2( 0, -192 )

[node name="EnemySpawner" parent="." instance=ExtResource( 8 )]
position = Vector2( -160, 0 )

[node name="EnemySpawner2" parent="." instance=ExtResource( 8 )]
position = Vector2( 160, 0 )
