[gd_scene load_steps=15 format=2]

[ext_resource path="res://gs_ludumdare/ui/menu_button.tscn" type="PackedScene" id=2]
[ext_resource path="res://game/resources/new_theme.tres" type="Theme" id=3]
[ext_resource path="res://gs_ludumdare/ui/info_help.tscn" type="PackedScene" id=4]
[ext_resource path="res://gs_ludumdare/ui/label_copyright.tscn" type="PackedScene" id=5]
[ext_resource path="res://gs_ludumdare/scenes/ludum_help.gd" type="Script" id=6]
[ext_resource path="res://game/scenes/pickups/light_controller.tscn" type="PackedScene" id=7]
[ext_resource path="res://game/scenes/pickups/light.tscn" type="PackedScene" id=8]
[ext_resource path="res://game/ecs/entities/player_entity.tscn" type="PackedScene" id=9]
[ext_resource path="res://game/scenes/platforms/platform_1_large.tscn" type="PackedScene" id=10]
[ext_resource path="res://game/scenes/faith/faith.tscn" type="PackedScene" id=12]
[ext_resource path="res://game/scenes/faith/Sin.tscn" type="PackedScene" id=13]
[ext_resource path="res://game/assets/background.png" type="Texture" id=14]
[ext_resource path="res://game/ecs/entities/greed_entity.tscn" type="PackedScene" id=15]
[ext_resource path="res://game/fonts/debug32.tres" type="DynamicFont" id=16]

[node name="LudumHelp" type="Node2D"]
script = ExtResource( 6 )

[node name="LightController" parent="." instance=ExtResource( 7 )]
position = Vector2( 1024, 896 )
light = ExtResource( 8 )
emitter_timer = 0.5
emitter_range = 50
emitter_location = NodePath(".")

[node name="ViewportContainer" type="ViewportContainer" parent="."]
margin_right = 960.0
margin_bottom = 540.0
rect_scale = Vector2( 4, 4 )

[node name="Viewport" type="Viewport" parent="ViewportContainer"]
size = Vector2( 480, 270 )
transparent_bg = true
handle_input_locally = false
render_target_update_mode = 3

[node name="Camera2D" type="Camera2D" parent="ViewportContainer/Viewport"]

[node name="PlatformHellLarge" parent="." instance=ExtResource( 10 )]
position = Vector2( 1920, 896 )
scale = Vector2( 4, 4 )

[node name="PlatformHellLarge2" parent="." instance=ExtResource( 10 )]
position = Vector2( 1792, 896 )
scale = Vector2( 4, 4 )

[node name="PlatformHellLarge3" parent="." instance=ExtResource( 10 )]
position = Vector2( 1664, 896 )
scale = Vector2( 4, 4 )

[node name="PlatformHellLarge4" parent="." instance=ExtResource( 10 )]
position = Vector2( 1152, 896 )
scale = Vector2( 4, 4 )

[node name="PlatformHellLarge5" parent="." instance=ExtResource( 10 )]
position = Vector2( 1792, 640 )
scale = Vector2( 4, 4 )

[node name="Faith" parent="PlatformHellLarge5" instance=ExtResource( 12 )]
position = Vector2( -32, -32 )
scale = Vector2( 2, 2 )

[node name="PlatformHellLarge6" parent="." instance=ExtResource( 10 )]
position = Vector2( 1408, 384 )
scale = Vector2( 4, 4 )

[node name="Sin" parent="PlatformHellLarge6" instance=ExtResource( 13 )]
position = Vector2( -48, -32 )
scale = Vector2( 2, 2 )

[node name="Sprite" type="Sprite" parent="."]
self_modulate = Color( 0.180392, 0.14902, 0.14902, 1 )
position = Vector2( 976, 528 )
scale = Vector2( 35.5, 19.5 )
z_index = -999
texture = ExtResource( 14 )

[node name="Player" parent="." instance=ExtResource( 9 )]
position = Vector2( 1209, 777 )
scale = Vector2( 4, 4 )

[node name="AnimatedSprite" parent="Player" index="2"]
frame = 0

[node name="Light2D" parent="Player" index="6"]
visible = false

[node name="Greed" parent="." instance=ExtResource( 15 )]
position = Vector2( 1536, 192 )
scale = Vector2( 4, 4 )

[node name="Node" type="Node" parent="."]

[node name="MenuButton" parent="Node" instance=ExtResource( 2 )]
margin_left = 960.0
margin_top = 960.0
margin_right = 1118.0
margin_bottom = 1025.0
theme = ExtResource( 3 )
text = "HOME"
state = "GAME_STATE_HOME"

[node name="InformationHelp" parent="Node" instance=ExtResource( 4 )]
anchor_left = 0.5
anchor_top = 0.5
anchor_right = 0.5
anchor_bottom = 0.5
margin_left = -896.0
margin_top = -476.0
margin_right = 128.0
margin_bottom = 356.0
custom_fonts/normal_font = ExtResource( 16 )
text = "asasd"

[node name="LabelCopyright" parent="Node" instance=ExtResource( 5 )]
visible = false
anchor_left = 0.5
anchor_top = 1.0
anchor_right = 0.5
anchor_bottom = 1.0
margin_left = -382.0
margin_top = -24.0
margin_right = 382.0
margin_bottom = 0.0

[node name="Label" type="Label" parent="Node"]
margin_left = 1182.0
margin_top = 128.0
margin_right = 1236.0
margin_bottom = 161.0
custom_fonts/font = ExtResource( 16 )
text = "sin"
align = 1

[node name="Label2" type="Label" parent="Node"]
margin_left = 1630.0
margin_top = 64.0
margin_right = 1738.0
margin_bottom = 133.0
custom_fonts/font = ExtResource( 16 )
text = "deadly
sin"
align = 1

[node name="Label3" type="Label" parent="Node"]
margin_left = 1480.0
margin_top = 449.0
margin_right = 1588.0
margin_bottom = 518.0
custom_fonts/font = ExtResource( 16 )
text = "faith"
align = 1

[node name="Label4" type="Label" parent="Node"]
margin_left = 1160.0
margin_top = 641.0
margin_right = 1268.0
margin_bottom = 710.0
custom_fonts/font = ExtResource( 16 )
text = "you"
align = 1

[node name="Label5" type="Label" parent="Node"]
margin_left = 904.0
margin_top = 769.0
margin_right = 1084.0
margin_bottom = 838.0
custom_fonts/font = ExtResource( 16 )
text = "fluctlight"
align = 1

[editable path="Player"]
