[gd_scene load_steps=7 format=2]

[ext_resource path="res://game/resources/new_theme.tres" type="Theme" id=1]
[ext_resource path="res://game/scenes/ready.gd" type="Script" id=2]
[ext_resource path="res://environment.tres" type="Environment" id=3]
[ext_resource path="res://game/scenes/pickups/light_controller.tscn" type="PackedScene" id=4]
[ext_resource path="res://game/fonts/mono64.tres" type="DynamicFont" id=5]
[ext_resource path="res://game/scenes/pickups/light.tscn" type="PackedScene" id=6]

[node name="Ready" type="Node2D"]
script = ExtResource( 2 )

[node name="WorldEnvironment" type="WorldEnvironment" parent="."]
environment = ExtResource( 3 )

[node name="ViewportContainer" type="ViewportContainer" parent="."]
margin_right = 960.0
margin_bottom = 540.0
rect_scale = Vector2( 4, 4 )

[node name="Viewport" type="Viewport" parent="ViewportContainer"]
size = Vector2( 480, 270 )
transparent_bg = true
handle_input_locally = false
render_target_update_mode = 3

[node name="Camera2D" type="Camera2D" parent="ViewportContainer/Viewport"]

[node name="CanvasLayer" type="CanvasLayer" parent="."]

[node name="Label" type="Label" parent="CanvasLayer"]
anchor_right = 1.0
anchor_bottom = 1.0
margin_top = 128.0
margin_bottom = -376.0
theme = ExtResource( 1 )
text = "GET READY"
align = 1
valign = 1

[node name="Time" type="Label" parent="CanvasLayer"]
anchor_right = 1.0
anchor_bottom = 1.0
margin_top = 768.0
margin_bottom = -192.0
theme = ExtResource( 1 )
custom_fonts/font = ExtResource( 5 )
text = "0"
align = 1
valign = 1

[node name="Timer" type="Timer" parent="."]
wait_time = 5.0
one_shot = true
autostart = true

[node name="LightController" parent="." instance=ExtResource( 4 )]
position = Vector2( 960, 704 )
light = ExtResource( 6 )
emitter_range = 400
emitter_location = NodePath(".")

[connection signal="timeout" from="Timer" to="." method="_on_Timer_timeout"]
