[gd_scene load_steps=8 format=2]

[ext_resource path="res://game/resources/new_theme.tres" type="Theme" id=1]
[ext_resource path="res://game/fonts/mono48.tres" type="DynamicFont" id=2]
[ext_resource path="res://game/scenes/win.gd" type="Script" id=3]
[ext_resource path="res://game/fonts/debug32.tres" type="DynamicFont" id=4]
[ext_resource path="res://environment.tres" type="Environment" id=5]
[ext_resource path="res://game/scenes/pickups/light_controller.tscn" type="PackedScene" id=6]
[ext_resource path="res://game/scenes/pickups/light.tscn" type="PackedScene" id=7]

[node name="Win" type="Node2D"]
script = ExtResource( 3 )

[node name="WorldEnvironment" type="WorldEnvironment" parent="."]
environment = ExtResource( 5 )

[node name="ViewportContainer" type="ViewportContainer" parent="."]
margin_right = 960.0
margin_bottom = 540.0
rect_scale = Vector2( 4, 4 )

[node name="Viewport" type="Viewport" parent="ViewportContainer"]
size = Vector2( 480, 270 )
transparent_bg = true
handle_input_locally = false
render_target_update_mode = 3

[node name="Camera2D" type="Camera2D" parent="ViewportContainer/Viewport"]

[node name="CanvasLayer" type="CanvasLayer" parent="."]

[node name="Label" type="Label" parent="CanvasLayer"]
anchor_right = 1.0
anchor_bottom = 1.0
margin_bottom = -760.0
theme = ExtResource( 1 )
text = "YOU MADE IT
TO
HEAVEN"
align = 1
valign = 1

[node name="Label2" type="Label" parent="CanvasLayer"]
anchor_right = 1.0
anchor_bottom = 1.0
margin_top = 320.0
margin_bottom = -568.0
theme = ExtResource( 1 )
text = "total
faith"
align = 1
valign = 1

[node name="Faith" type="Label" parent="CanvasLayer"]
anchor_right = 1.0
anchor_bottom = 1.0
margin_top = 512.0
margin_bottom = -435.0
theme = ExtResource( 1 )
custom_fonts/font = ExtResource( 2 )
text = "000"
align = 1
valign = 1

[node name="Button" type="Button" parent="CanvasLayer"]
anchor_left = 0.5
anchor_top = 1.0
anchor_right = 0.5
anchor_bottom = 1.0
margin_left = -160.0
margin_top = -191.0
margin_right = 160.0
margin_bottom = -127.0
theme = ExtResource( 1 )
custom_fonts/font = ExtResource( 2 )
text = "submit"

[node name="LineEdit" type="LineEdit" parent="."]
margin_left = 768.0
margin_top = 768.0
margin_right = 1152.0
margin_bottom = 832.0
custom_fonts/font = ExtResource( 4 )
align = 1
max_length = 16
placeholder_text = "name"
caret_blink = true

[node name="LightController" parent="." instance=ExtResource( 6 )]
position = Vector2( 960, 704 )
light = ExtResource( 7 )
emitter_range = 400
emitter_location = NodePath(".")

[connection signal="pressed" from="CanvasLayer/Button" to="." method="_on_Button_pressed"]
