[gd_scene load_steps=9 format=2]

[ext_resource path="res://game/assets/platform_start_guide.png" type="Texture" id=1]
[ext_resource path="res://game/scenes/platforms/platform_hell_small.tscn" type="PackedScene" id=2]
[ext_resource path="res://game/scenes/platforms/platform_hell_medium.tscn" type="PackedScene" id=3]
[ext_resource path="res://game/scenes/platforms/platform_hell_large.tscn" type="PackedScene" id=4]
[ext_resource path="res://game/scenes/sections/section_template.gd" type="Script" id=5]
[ext_resource path="res://game/scenes/spawners/player_spawner.tscn" type="PackedScene" id=6]
[ext_resource path="res://game/scenes/spawners/faith_spawner.tscn" type="PackedScene" id=7]
[ext_resource path="res://game/scenes/spawners/enemy_spawner.tscn" type="PackedScene" id=8]

[node name="PurgatoryStart" type="Node2D"]
script = ExtResource( 5 )

[node name="SectionGuide" type="Sprite" parent="."]
texture = ExtResource( 1 )

[node name="PlatformHellSmall01" parent="." instance=ExtResource( 2 )]
position = Vector2( -416, 160 )

[node name="PlatformHellSmall02" parent="." instance=ExtResource( 2 )]
position = Vector2( 416, 160 )

[node name="PlatformHellSmall03" parent="." instance=ExtResource( 2 )]
position = Vector2( -416, 96 )

[node name="PlatformHellSmall07" parent="." instance=ExtResource( 2 )]
position = Vector2( -416, 32 )

[node name="PlatformHellSmall08" parent="." instance=ExtResource( 2 )]
position = Vector2( -416, 32 )

[node name="PlatformHellSmall04" parent="." instance=ExtResource( 2 )]
position = Vector2( -416, -32 )

[node name="PlatformHellSmall05" parent="." instance=ExtResource( 2 )]
position = Vector2( -416, -96 )

[node name="PlatformHellSmall12" parent="." instance=ExtResource( 2 )]
position = Vector2( -320, -128 )

[node name="PlatformHellSmall13" parent="." instance=ExtResource( 2 )]
position = Vector2( -224, -160 )

[node name="PlatformHellSmall14" parent="." instance=ExtResource( 2 )]
position = Vector2( -128, -192 )

[node name="PlatformHellSmall06" parent="." instance=ExtResource( 2 )]
position = Vector2( 416, 96 )

[node name="PlatformHellSmall09" parent="." instance=ExtResource( 2 )]
position = Vector2( 416, 32 )

[node name="PlatformHellSmall10" parent="." instance=ExtResource( 2 )]
position = Vector2( 416, -32 )

[node name="PlatformHellSmall11" parent="." instance=ExtResource( 2 )]
position = Vector2( 416, -96 )

[node name="PlatformHellSmall15" parent="." instance=ExtResource( 2 )]
position = Vector2( 320, -128 )

[node name="PlatformHellSmall16" parent="." instance=ExtResource( 2 )]
position = Vector2( 224, -160 )

[node name="PlatformHellSmall17" parent="." instance=ExtResource( 2 )]
position = Vector2( 128, -192 )

[node name="PlatformHellMedium01" parent="." instance=ExtResource( 3 )]
position = Vector2( 0, 160 )

[node name="PlatformHellMedium02" parent="." instance=ExtResource( 3 )]
position = Vector2( 0, -224 )

[node name="PlatformHellMedium03" parent="." instance=ExtResource( 3 )]
position = Vector2( 0, -64 )

[node name="PlatformHellLarge01" parent="." instance=ExtResource( 4 )]
position = Vector2( -416, 224 )

[node name="PlatformHellLarge02" parent="." instance=ExtResource( 4 )]
position = Vector2( -256, 224 )

[node name="PlatformHellLarge03" parent="." instance=ExtResource( 4 )]
position = Vector2( -96, 224 )

[node name="PlatformHellLarge04" parent="." instance=ExtResource( 4 )]
position = Vector2( 64, 224 )

[node name="PlatformHellLarge05" parent="." instance=ExtResource( 4 )]
position = Vector2( 224, 224 )

[node name="PlatformHellLarge06" parent="." instance=ExtResource( 4 )]
position = Vector2( 384, 224 )

[node name="PlayerSpawner" parent="." instance=ExtResource( 6 )]
position = Vector2( 0, 96 )

[node name="EnemySpawner" parent="." instance=ExtResource( 8 )]
position = Vector2( 0, -128 )

[node name="FaithSpawner" parent="." instance=ExtResource( 7 )]
position = Vector2( -416, -128 )

[node name="FaithSpawner2" parent="." instance=ExtResource( 7 )]
position = Vector2( 416, -128 )
