[gd_scene load_steps=8 format=2]

[ext_resource path="res://game/assets/fire.png" type="Texture" id=1]

[sub_resource type="AtlasTexture" id=7]
atlas = ExtResource( 1 )
region = Rect2( 0, 0, 15, 20 )

[sub_resource type="AtlasTexture" id=8]
atlas = ExtResource( 1 )
region = Rect2( 15, 0, 15, 20 )

[sub_resource type="AtlasTexture" id=9]
atlas = ExtResource( 1 )
region = Rect2( 30, 0, 15, 20 )

[sub_resource type="AtlasTexture" id=10]
atlas = ExtResource( 1 )
region = Rect2( 45, 0, 15, 20 )

[sub_resource type="SpriteFrames" id=5]
animations = [ {
"frames": [ SubResource( 7 ), SubResource( 8 ), SubResource( 9 ), SubResource( 10 ), SubResource( 9 ), SubResource( 8 ) ],
"loop": true,
"name": "default",
"speed": 5.0
} ]

[sub_resource type="CircleShape2D" id=11]
radius = 16.0

[node name="FireRed" type="Area2D"]
collision_layer = 16
collision_mask = 2

[node name="AnimatedSprite" type="AnimatedSprite" parent="."]
scale = Vector2( 3, 3 )
frames = SubResource( 5 )
frame = 4
playing = true

[node name="CollisionShape2D" type="CollisionShape2D" parent="."]
position = Vector2( 0, 8 )
shape = SubResource( 11 )
